<record><leader>00000cas a2200000 a 4500</leader><controlfield tag="001">9554699</controlfield><controlfield tag="008">830527d191819uunyuwr ne      0    0rusoc</controlfield><datafield ind1=" " ind2=" " tag="010"><subfield code="a">sn 83045575 </subfield></datafield><datafield ind1=" " ind2=" " tag="040"><subfield code="a">CRL</subfield><subfield code="b">eng</subfield><subfield code="c">CRL</subfield><subfield code="d">NPW</subfield><subfield code="d">DLC</subfield><subfield code="d">YOX</subfield><subfield code="d">CAS</subfield><subfield code="d">NVF</subfield><subfield code="d">KRTAS</subfield><subfield code="d">OCLCQ</subfield><subfield code="d">HHG</subfield><subfield code="d">OCLCF</subfield><subfield code="d">OCLCO</subfield></datafield><datafield ind1=" " ind2=" " tag="066"><subfield code="c">(N</subfield><subfield code="c">(Q</subfield></datafield><datafield ind1="1" ind2=" " tag="029"><subfield code="a">AU@</subfield><subfield code="b">000025815633</subfield></datafield><datafield ind1=" " ind2=" " tag="030"><subfield code="a">NGMREU</subfield></datafield><datafield ind1=" " ind2=" " tag="042"><subfield code="a">pcc</subfield></datafield><datafield ind1=" " ind2=" " tag="043"><subfield code="a">n-us---</subfield><subfield code="a">n-us-ny</subfield></datafield><datafield ind1="0" ind2="0" tag="050"><subfield code="a">Newspaper 9007</subfield></datafield><datafield ind1="0" ind2="0" tag="245"><subfield code="6">880-01</subfield><subfield code="a">Narodnai&#65056;a&#65057; gazeta =</subfield><subfield code="b">Narodnaya gazeta.</subfield></datafield><datafield ind1="3" ind2="1" tag="246"><subfield code="a">Narodnaya gazeta</subfield></datafield><datafield ind1=" " ind2=" " tag="260"><subfield code="a">New York [N.Y.] :</subfield><subfield code="b">Russian-Social Democratic Society</subfield></datafield><datafield ind1=" " ind2=" " tag="300"><subfield code="a">v.</subfield></datafield><datafield ind1=" " ind2=" " tag="310"><subfield code="a">Weekly</subfield></datafield><datafield ind1="0" ind2=" " tag="362"><subfield code="a">Vol. 1, no. 1 (Mar. 21, 1918)-</subfield></datafield><datafield ind1=" " ind2=" " tag="500"><subfield code="6">880-02</subfield><subfield code="a">"Ezhenedi&#65056;e&#65057;l&#697;nai&#65056;a&#65057; sot&#65056;s&#65057;ialisticheskai&#65056;a&#65057; gazeta."</subfield></datafield><datafield ind1=" " ind2=" " tag="546"><subfield code="a">In Russian.</subfield></datafield><datafield ind1=" " ind2=" " tag="550"><subfield code="6">880-03</subfield><subfield code="a">"Ob&#698;edinennyi&#774; organ sot&#65056;s&#65057;ial-demokratov i sot&#65056;s&#65057;ialistov-revoli&#65056;u&#65057;t&#65056;s&#65057;i&#772;onerov."</subfield></datafield><datafield ind1=" " ind2="0" tag="650"><subfield code="a">Russians</subfield><subfield code="z">United States</subfield><subfield code="v">Newspapers.</subfield></datafield><datafield ind1=" " ind2="0" tag="650"><subfield code="a">Russian Americans</subfield><subfield code="v">Newspapers.</subfield></datafield><datafield ind1=" " ind2="0" tag="650"><subfield code="a">Socialism</subfield><subfield code="z">United States</subfield><subfield code="v">Newspapers.</subfield></datafield><datafield ind1=" " ind2="0" tag="651"><subfield code="a">New York (N.Y.)</subfield><subfield code="v">Newspapers.</subfield></datafield><datafield ind1=" " ind2="7" tag="655"><subfield code="a">Newspapers.</subfield><subfield code="2">fast</subfield><subfield code="0">(OCoLC)fst01423814</subfield></datafield><datafield ind1=" " ind2="7" tag="650"><subfield code="a">Russian Americans.</subfield><subfield code="2">fast</subfield><subfield code="0">(OCoLC)fst01101969</subfield></datafield><datafield ind1=" " ind2="7" tag="650"><subfield code="a">Russians.</subfield><subfield code="2">fast</subfield><subfield code="0">(OCoLC)fst01102429</subfield></datafield><datafield ind1=" " ind2="7" tag="650"><subfield code="a">Socialism.</subfield><subfield code="2">fast</subfield><subfield code="0">(OCoLC)fst01123637</subfield></datafield><datafield ind1=" " ind2="7" tag="651"><subfield code="a">New York (State)</subfield><subfield code="z">New York.</subfield><subfield code="2">fast</subfield><subfield code="0">(OCoLC)fst01204333</subfield></datafield><datafield ind1=" " ind2="7" tag="651"><subfield code="a">United States.</subfield><subfield code="2">fast</subfield><subfield code="0">(OCoLC)fst01204155</subfield></datafield><datafield ind1="2" ind2=" " tag="710"><subfield code="a">Russian-Social Democratic Society.</subfield></datafield><datafield ind1=" " ind2=" " tag="752"><subfield code="a">United States</subfield><subfield code="b">New York</subfield><subfield code="c">New York</subfield><subfield code="d">New York.</subfield></datafield><datafield ind1="0" ind2="8" tag="776"><subfield code="i">Online version:</subfield><subfield code="t">Narodnai&#65056;a&#65057; gazeta</subfield><subfield code="w">(OCoLC)796549609</subfield></datafield><datafield ind1="0" ind2="0" tag="880"><subfield code="6">245-01</subfield><subfield code="a">&#1053;&#1072;&#1088;&#1086;&#1076;&#1085;&#1072;&#1103; &#1075;&#1072;&#1079;&#1077;&#1090;&#1072; =</subfield><subfield code="b">Narodnaya gazeta.</subfield></datafield><datafield ind1=" " ind2=" " tag="880"><subfield code="6">500-02</subfield><subfield code="a">"&#1045;&#1078;&#1077;&#1085;&#1077;&#1076;&#1123;&#1083;&#1100;&#1085;&#1072;&#1103; &#1089;&#1086;&#1094;&#1080;&#1072;&#1083;&#1080;&#1089;&#1090;&#1080;&#1095;&#1077;&#1089;&#1082;&#1072;&#1103; &#1075;&#1072;&#1079;&#1077;&#1090;&#1072;."</subfield></datafield><datafield ind1=" " ind2=" " tag="880"><subfield code="6">550-03</subfield><subfield code="a">"&#1054;&#1073;&#1098;&#1077;&#1076;&#1080;&#1085;&#1077;&#1085;&#1085;&#1099;&#1081; &#1086;&#1088;&#1075;&#1072;&#1085; &#1089;&#1086;&#1094;&#1080;&#1072;&#1083;-&#1076;&#1077;&#1084;&#1086;&#1082;&#1088;&#1072;&#1090;&#1086;&#1074; &#1080; &#1089;&#1086;&#1094;&#1080;&#1072;&#1083;&#1080;&#1089;&#1090;&#1086;&#1074;-&#1088;&#1077;&#1074;&#1086;&#1083;&#1102;&#1094;&#1110;&#1086;&#1085;&#1077;&#1088;&#1086;&#1074;."</subfield></datafield><datafield ind1=" " ind2=" " tag="938"><subfield code="a">Kirtas Technologies, Inc.</subfield><subfield code="b">KRTS</subfield><subfield code="n">736784</subfield></datafield></record>